% Encoding: UTF-8

@InProceedings{Kocher2018spectre,
  author    = {Paul Kocher and Jann Horn and Anders Fogh and and Daniel Genkin and Daniel Gruss and Werner Haas and Mike Hamburg and Moritz Lipp and Stefan Mangard and Thomas Prescher and Michael Schwarz and Yuval Yarom@INPROCEEDINGS{8547554, author={A. {Prout} and W. {Arcand} and D. {Bestor} and B. {Bergeron} and C. {Byun} and V. {Gadepally} and M. {Houle} and M. {Hubbell} and M. {Jones} and A. {Klein} and P. {Michaleas} and L. {Milechin} and J. {Mullen} and A. {Rosa} and S. {Samsi} and C. {Yee} and A. {Reuther} and J. {Kepner}}, booktitle={2018 IEEE High Performance extreme Computing Conference (HPEC)}, title={Measuring the Impact of Spectre and Meltdown}, year={2018}, volume={}, number={}, pages={1-5}, keywords={microprocessor chips;parallel processing;performance evaluation;security of data;spectre;meltdown;modern microprocessors;mitigations;performance impact;industry sector;synthetic workloads;realistic workloads;performance penalties;HPC systems;high performance computing;security;Kernel;Engines;Linux;Databases;Machine learning;Switches;Security;Spectre;Meltdown;HPC;Performance;MIT SuperCloud}, doi={10.1109/HPEC.2018.8547554}, ISSN={2377-6943}, month={Sep.},} @INPROCEEDINGS{8547554, author={A. {Prout} and W. {Arcand} and D. {Bestor} and B. {Bergeron} and C. {Byun} and V. {Gadepally} and M. {Houle} and M. {Hubbell} and M. {Jones} and A. {Klein} and P. {Michaleas} and L. {Milechin} and J. {Mullen} and A. {Rosa} and S. {Samsi} and C. {Yee} and A. {Reuther} and J. {Kepner}}, booktitle={2018 IEEE High Performance extreme Computing Conference (HPEC)}, title={Measuring the Impact of Spectre and Meltdown}, year={2018}, volume={}, number={}, pages={1-5}, keywords={microprocessor chips;parallel processing;performance evaluation;security of data;spectre;meltdown;modern microprocessors;mitigations;performance impact;industry sector;synthetic workloads;realistic workloads;performance penalties;HPC systems;high performance computing;security;Kernel;Engines;Linux;Databases;Machine learning;Switches;Security;Spectre;Meltdown;HPC;Performance;MIT SuperCloud}, doi={10.1109/HPEC.2018.8547554}, ISSN={2377-6943}, month={Sep.},} @INPROCEEDINGS{8547554, author={A. {Prout} and W. {Arcand} and D. {Bestor} and B. {Bergeron} and C. {Byun} and V. {Gadepally} and M. {Houle} and M. {Hubbell} and M. {Jones} and A. {Klein} and P. {Michaleas} and L. {Milechin} and J. {Mullen} and A. {Rosa} and S. {Samsi} and C. {Yee} and A. {Reuther} and J. {Kepner}}, booktitle={2018 IEEE High Performance extreme Computing Conference (HPEC)}, title={Measuring the Impact of Spectre and Meltdown}, year={2018}, volume={}, number={}, pages={1-5}, keywords={microprocessor chips;parallel processing;performance evaluation;security of data;spectre;meltdown;modern microprocessors;mitigations;performance impact;industry sector;synthetic workloads;realistic workloads;performance penalties;HPC systems;high performance computing;security;Kernel;Engines;Linux;Databases;Machine learning;Switches;Security;Spectre;Meltdown;HPC;Performance;MIT SuperCloud}, doi={10.1109/HPEC.2018.8547554}, ISSN={2377-6943}, month={Sep.},}},
  title     = {Spectre Attacks: Exploiting Speculative Execution},
  booktitle = {40th IEEE Symposium on Security and Privacy (S\&P'19)},
  year      = {2019},
}

@InProceedings{Lipp2018meltdown,
  author    = {Moritz Lipp and Michael Schwarz and Daniel Gruss and Thomas Prescher and Werner Haas and Anders Fogh and Jann Horn and Stefan Mangard and Paul Kocher and Daniel Genkin and Yuval Yarom and Mike Hamburg},
  title     = {Meltdown: Reading Kernel Memory from User Space},
  booktitle = {27th {USENIX} Security Symposium ({USENIX} Security 18)},
  year      = {2018},
}

@InProceedings{8547554,
  author    = {A. {Prout} and W. {Arcand} and D. {Bestor} and B. {Bergeron} and C. {Byun} and V. {Gadepally} and M. {Houle} and M. {Hubbell} and M. {Jones} and A. {Klein} and P. {Michaleas} and L. {Milechin} and J. {Mullen} and A. {Rosa} and S. {Samsi} and C. {Yee} and A. {Reuther} and J. {Kepner}},
  title     = {Measuring the Impact of Spectre and Meltdown},
  booktitle = {2018 IEEE High Performance extreme Computing Conference (HPEC)},
  year      = {2018},
  month     = {Sep.},
  pages     = {1-5},
  doi       = {10.1109/HPEC.2018.8547554},
  issn      = {2377-6943},
  keywords  = {microprocessor chips;parallel processing;performance evaluation;security of data;spectre;meltdown;modern microprocessors;mitigations;performance impact;industry sector;synthetic workloads;realistic workloads;performance penalties;HPC systems;high performance computing;security;Kernel;Engines;Linux;Databases;Machine learning;Switches;Security;Spectre;Meltdown;HPC;Performance;MIT SuperCloud},
}

@InProceedings{8574600,
  author    = {V. {Kiriansky} and I. {Lebedev} and S. {Amarasinghe} and S. {Devadas} and J. {Emer}@article{bernstein2005cache, title={Cache-timing attacks on AES}, author={Bernstein, Daniel J}, year={2005} }},
  title     = {DAWG: A Defense Against Cache Timing Attacks in Speculative Execution Processors},
  booktitle = {2018 51st Annual IEEE/ACM International Symposium on Microarchitecture (MICRO)},
  year      = {2018},
  month     = {Oct},
  pages     = {974-987},
  doi       = {10.1109/MICRO.2018.00083},
  keywords  = {cache storage;security of data;cache timing attacks;dynamically allocated way guard;Intels Cache Allocation Technology;memory caches;generic mechanism;cache state covert channel;entire attack surface;patch specific attacks;existing defense mechanisms;exfiltration channel;cache tag state;speculative processor architectures;channel attacks;speculative execution processors;cache subsystem;minimal modifications;service mechanisms;set associative structure;DAWG;Receivers;Program processors;Security;Transmitters;Metadata;Hardware;cache partitioning;side channel attacks;speculative execution},
}

@Article{bernstein2005cache,
  author = {Bernstein, Daniel J},
  title  = {Cache-timing attacks on AES},
  year   = {2005},
}

@Article{chen2018sgxpectre,
  author  = {Chen, Guoxing and Chen, Sanchuan and Xiao, Yuan and Zhang, Yinqian and Lin, Zhiqiang and Lai, Ten H},
  title   = {Sgxpectre attacks: Leaking enclave secrets via speculative execution},
  journal = {arXiv preprint arXiv:1802.09085},
  year    = {2018},
}

@Online{,
  author    = {Jonas Depoix and Philipp Altmeyer},
  title     = {Detecting Spectre Attacks by identifying Cache Side-ChannelAttacks using Machine Learning},
  year      = {2018},
  url       = {https://www.betriebssysteme.org/wp-content/uploads/2018/10/WAMOS_2018_paper_12.pdf},
  timestamp = {2019/03/31},
}

@Comment{jabref-meta: databaseType:biblatex;}
